
@webiste{Bootstrap,
	Howpublished = {\url{https://getbootstrap.com/}},
	Year = {2023},
	Month = {January},
	Title = {Bootstrap 5.3}
}

@misc{Infinity,
	Howpublished = {\url{https://www.infinityfree.net/}},
	Year = {2023},
	Month = {January},
	Title = {Infinity Free - Free PHP Web Hosting}
}

@misc{Github,
	Howpublished = {\url{https://github.com/}},
	Year = {2023},
	Month = {January},
	Title = {Github - Version Control provider}
}

@misc{Code,
	Howpublished = {\url{https://code.visualstudio.com/}},
	Year = {2023},
	Month = {January},
	Title = {Visual Studio Code - Light-weight Integrated Development Environment}
}

@misc{Regex,
	Howpublished = {\url{https://ciysys.com/blog/parse-ddl.htm}},
	Year = {2023},
	Month = {March},
	Title = {Parsing CREATE TABLE statement with Regex in Node.js, Published Jan 2021.}
}

@article{Parsing,
	Howpublished = {\url{https://tomassetti.me/guide-parsing-algorithms-terminology/}},
	Year = {2023},
	Month = {February},
	Title = {A Guide to Parsing: Algorithms and Terminology}
}
